


@standard{biblio:IEEE1588,
  title		= "IEEE Standard for a Precision
		   Clock Synchronization Protocol for Networked Measurement and Control Systems",
  organization	= "IEEE",
  address	= "New York",
  number	= "1588-2008",
  year		= "2008",
}

@standard{biblio:IEEE8023,
  title		=  "IEEE Standard for
		   Information Technology--Telecommunications and Information Exchange Between
		   Systems--Local and Metropolitan Area Networks--Specific Requirements Part 3:
		   Carrier Sense Multiple Access With  Collision Detection (CSMA/CD) Access Method
		   and Physical Layer Specifications - Section Three",
  year		= "2008",
  organization	= "IEEE",
  address	= "New York",
  number	= "802.3-2008",
}

@standard{biblio:SynchE,
  title		= "Timing characteristics of a synchronous Ethernet equipment slave clock {(EEC)}",
  year		= "2007",
  number	= "G.8262",
  organization	= "ITU-T",
}

@inproceedings{biblio:GMT,
  author        = "J.Serrano and P.Alvarez and D.Dominguez, J.Lewis",
  title         = "Nanosecond Level {UTC} Timng Generation and Stamping in {CERN}'s {LHC}",
  booktitle     = "Proceedings of ICALEPSC2003",
  address       = "Gyeongju, Korea",
  year          = "2003",
}

@techreport{biblio:FAIRtimingSystem,
  author        = "T. Fleck and C. Prados and S. Rauch and M. Kreider",
  title         = "{FAIR} Timing System",
  institution   = "GSI",
  address       = "Darmstadt, Germany",
  year          = "2009",
  note          = "v1.2",
}

@inproceedings{biblio:distOscilloscope,
  author        = "S. Deghaye and D. Jacquet and I. Kozsar and J. Serrano",
  title         = "{OASIS}: A NEW SYSTEM TO ACQUIRE AND DISPLAY THE ANALOG SIGNALS FOR {LHC}",
  booktitle     = "Proceedings of ICALEPCS2003",
  address 	= "Gyeongju, Korea",
  year          = "2003",
}

@Inproceedings{biblio:WRproject,
  author        = "J. Serrano and P. Alvarez and M. Cattin and E. G. Cota and J. H. Lewis, P.
		   Moreira and T. W\l{}ostowski and others",
  title         = "{The White Rabbit Project}",
  booktitle     = "Proceedings of ICALEPCS TUC004",
  address 	= "Kobe, Japan",
  year          = "2009",
}

@Misc{biblio:WRPTP,
  author 	= "E.G. Cota and M. Lipi\'{n}ski and T. W\l{}ostowski and E.V.D. Bij and J. Serrano",
  title 	= "{White Rabbit Specification: Draft for Comments}",
  note          = "v2.0",
  month		= "july",
  year 		= "2011",
  howpublished	= {\url{http://www.ohwr.org/documents/21}}
}

@mastersthesis{biblio:TomekMSc,
  author 	= "T. W\l{}ostowski",
  title 	= "Precise time and frequency transfer in a {White} {Rabbit} network",
  month		= "may",
  year 		= "2011",
  school 	= "Warsaw University of Technology",
  howpublished	= {\url{http://www.ohwr.org/documents/80}}
}

@Inproceedings{biblio:Takahide,
  author 	= "Takahide Murakami and Yukio Horiuchi",
  title 	= "{A Master Redundancy Technique in IEEE 1588 Synchronization with a Link Congestion
		   Estimation}",
  booktitle     = "Proceedings of ISPCS",
  year 		= "2010",
}

@electronic{biblio:whiteRabbit,
  title 	= "{White Rabbit}",
  howpublished	= {\url{http://www.ohwr.org/projects/white-rabbit}}
}

@article{biblio:ohl,
  author        = "M. Giampietro",
  title         = "Hardware joins the open movement",
  journal       = "CERN Courier",
  address 	= "CERN, Geneva",
  year          = "2011",
  howpublished	= {\url{http://cerncourier.com/cws/article/cern/46054}},
}

@Misc{biblio:CNGS2000,
  author 	= "M. Buhler-Broglin and K. Elsener and L.A. Lopez Hernandez and G.R. Stevenson and M. Wilhelmsson",
  title 	= "{General Description of the CERN Project for a Neutrino Beam to Gran Sasso (CNGS)}",
  note          = "CERN AC Note (200-03)",
  year 		= "2000",
}
@Misc{biblio:BECOHT_CNGS,
  author 	= "P. Alvarez, J. Serrano",
  title 	= "{Time transfer techniques for the synchronization between CERN and LNGS}",
  note          = "{CERN BE-CO-HT}",
  year 		= "September 25, 2011",
}
@article{biblio:TOF,
  author  	= {Adam, T. and others},
  title 	= {Measurement of the neutrino velocity with the OPERA detector in the CNGS beam},
  journal    	= {eprint arXiv:1109.4897},
  year 		= {2011},
  archiveprefix = {arXiv},
  collaboration = {OPERA Collaboration},
  eprint 	= {1109.4897},
}
@article{biblio:PolaRx2e,
  author 	= "P. Defraigne and others",
  title 	= "{Initial testing of a new GPS receiver, the PolarRx2e, for time and frequency transfer using dual frequency codes and carrier phases}",
  journal    	= "35th Annual Precise Time and Time Interval (PTTI) Meeting",
}
@Misc{biblio:PolaRx4e,
  title 	= "{PolaRx4/PolaRx4TR: Multi-frequency GNSS Reference Station}",
  howpublished	= {\url{www.chronos.co.uk/files/pdfs/sep/PolaRx4.pdf}}
}
@Misc{biblio:CS4000,
  title 	= "{Symmetricon frequency standards, Symmetricom, Time and Frequency Systems}",
  howpublished	= {\url{http://www.symmetricom.com/products/frequency-references/cesium-frequency-standard/Cs4000/}},
}
@article{biblio:ISPCS2011,
  author        = "M. Lipi\'{n}ski and T. W\l{}ostowski and J. Serrano and P. Alvarez",
  title         = "{White Rabbit: a PTP application for robust sub-nanosecond synchronization}",
  journal       = "Proceedings of ISPCS",
  address 	= "Munich, Germany",
  year          = "2011",
}
@article{biblio:LHAASO,
  author        = "Guanghua Gong and Shaomin Chen and Qiang Du and Jianming Li and Yinong Liu",
  title         = "{Sub-nanosecond Timing System Designed And Developed For LHAASO Project}",
  journal       = "Proceedings of ICALEPCS",
  address 	= "Grenoble, France",
  year          = "2011",
}

@article{biblio:DDMTD,
  author        = "P. Moreira and P. Alvarez and J. Serrano and I. Darwezeh and T. Wlostowski",
  title         = "{Digital Dual Mixer Time Difference for Sub-Nanosecond Time Synchronization in Ethernet}",
  journal       = "Frequency Control Symposium (FCS), 2010 IEEE International",
  address 	= "London, UK",
  year          = "2010",
}
@electronic{biblio:KM3NeT,
  title 	= "{KM3NeT}",
  howpublished	= {\url{http://km3net.org}}
}

@Misc{biblio:TWTFT,
  author 	= "Jeroen Koelemeij",
  title 	= "{WR TWTFT through long-haul duplexed fiber pairs}",
  note          = "LaserLaB VU University",
  year 		= "March 2012",
  howpublished	= {\url{http://www.ohwr.org/attachments/1102/}}
}
@article{biblio:ICALEPCS2011,
  author        = "M. Lipi\'{n}ski and J. Serrano and T. W\l{}ostowski and C. Prados",
  title         = "{Reliability In A White Rabbit Network}",
  journal       = "Proceedings of ICALEPCS",
  address 	= "Grenoble, France",
  year          = "2011",
}
@article{biblio:MTIE,
  author        = "A. Dobrogowski and M. Kasznia",
  title         = "{Time effective methods of calculation of Maximum Time Interval Error}",
  journal       = "IEEE Trans. Instrum. Meas., vol.50, No. 3, pp.732-741",
  year          = "June 2001",
}
@Misc{biblio:Draka,
  author 	= "Draka Communications",
  title 	= "{Draka; Single-Mode Optical Fiber (SMF)}",
  year 		= "August 2000",
  howpublished	= {\url{http://communications.draka.com/sites/eu/Pages/Single-Mode-Fiber-G652-series.aspx}}
}

@electronic{biblio:spec,
  title 	= "{Simple PCIe FMC carrier (SPEC)}",
  howpublished	= {\url{http://www.ohwr.org/projects/spec}}
}
@electronic{biblio:WRswitch,
  title 	= "{WRS-3/18; White Rabbit Switch v3; Standalone version with 18 SFP ports}",
  howpublished	= {\url{http://www.sevensols.com/whiterabbitsolution/}}
}

@electronic{biblio:fineDelay,
  title 	= "{A fine delay generator in FMC format with 1 input and 4 outputs (FMC DEL 1ns 4cha)}",
  howpublished	= {\url{http://www.ohwr.org/projects/fmc-delay-1ns-8cha}}
}

@electronic{biblio:tunka,
  title 	= "{Gamma-Ray and Cosmic-Ray experiment HiSCORE-EA at the Tunka-133 Cherenkov EAS-Array.}",
  howpublished	= {\url{http://wwwiexp.desy.de/groups/astroparticle/score/en/}}
}



