@standard{biblio:IEEE8021D,
  title		= "IEEE Standard for Local and metropolitan area networks 
                   Media Access Control (MAC) Bridges",
  organization	= "IEEE",
  address	= "New York",
  number	= "802.1D",
  year		= "2004",
}


@standard{biblio:IEEE1588,
  title		= "IEEE Standard for a Precision
		   Clock Synchronization Protocol for Networked Measurement and Control Systems",
  organization	= "IEEE",
  address	= "New York",
  number	= "1588-2008",
  year		= "2008",
}

@standard{biblio:IEEE8023,
  title		=  "IEEE Standard for
		   Information Technology--Telecommunications and Information Exchange Between
		   Systems--Local and Metropolitan Area Networks--Specific Requirements Part 3:
		   Carrier Sense Multiple Access With  Collision Detection (CSMA/CD) Access Method
		   and Physical Layer Specifications - Section Three",
  year		= "2008",
  organization	= "IEEE",
  address	= "New York",
  number	= "802.3-2008",
}

@standard{bilbio:vlan,
  title         = "{IEEE Standard for Local and metropolitan area networks 
                     Virtual Bridged Local Area Networks}", 
  year          = "2005", 
  organization  = "IEEE",
  address       = "New York",
  number        = "802.1Q-2005"
}


@standard{biblio:SynchE,
  title		= "Timing characteristics of a synchronous Ethernet equipment slave clock {(EEC)}",
  year		= "2007",
  number	= "G.8262",
  organization	= "ITU-T",
}

@inproceedings{biblio:ISPCS2011,
  author        = "M.Lipinski, T.Wlostowski, J.Serrano and P.Alvarez",
  title         = "White Rabbit: a {PTP} Application for robust sub-nanosecond synchronization",
  booktitle     = "Proceedings of ISPCS2011",
  address       = "Munich, Germany",
  year          = "2011",
}

@inproceedings{biblio:GMT,
  author        = "J.Serrano and P.Alvarez and D.Dominguez, J.Lewis",
  title         = "Nanosecond Level {UTC} Timng Generation and Stamping in {CERN}'s {LHC}",
  booktitle     = "Proceedings of ICALEPSC2003",
  address       = "Gyeongju, Korea",
  year          = "2003",
}

@techreport{biblio:FAIRtimingSystem,
  author        = "T. Fleck and C. Prados and S. Rauch and M. Kreider",
  title         = "{FAIR} Timing System",
  institution   = "GSI",
  address       = "Darmstadt, Germany",
  year          = "2009",
  note          = "v1.2",
}

@inproceedings{biblio:distOscilloscope,
  author        = "S. Deghaye and D. Jacquet and I. Kozsar and J. Serrano",
  title         = "{OASIS}: A NEW SYSTEM TO ACQUIRE AND DISPLAY THE ANALOG SIGNALS FOR {LHC}",
  booktitle     = "Proceedings of ICALEPCS2003",
  address 	= "Gyeongju, Korea",
  year          = "2003",
}

@inproceedings{biblio:PAC11,
  author        = "J.Serrano, P.Alvarez, M.Lipinski and T.Wlostowski",
  title         = "Accelerator Timing Systems Overview",
  booktitle     = "Proceedings of PAC11",
  address 	= "New York, USA",
  year          = "2011",
}

@Inproceedings{biblio:WRproject,
  author        = "J. Serrano and P. Alvarez and M. Cattin and E. G. Cota and others",
  title         = "{The White Rabbit Project}",
  booktitle     = "ICALEPCS",
  address 	= "Kobe, Japan",
  year          = "2009",
}

@Misc{biblio:WRPTP,
  author 	= "E.G. Cota and M. Lipinski and T. Wlostowski and E.V.D. Bij and J. Serrano",
  title 	= "{White Rabbit Specification: Draft for Comments}",
  note          = "v2.0",
  month		= "july",
  year 		= "2011",
  howpublished	= {\url{http://www.ohwr.org/documents/21}}
}

@Misc{biblio:CERNwrControlAndTiming,
  author 	= "J-C.Bau and M.Lipinski",
  title 	= "{White Rabbit CERN Control and Timing Network}",
  month		= "July",
  year 		= "2011",
  howpublished	= {\url{http://www.ohwr.org/documents/85}}
}

@Misc{biblio:robustness,
  author 	= "C.Prados and M.Lipinski",
  title 	= "{White Rabbit and Robustness}",
  month		= "March",
  year 		= "2011",
  howpublished	= {\url{http://www.ohwr.org/documents/103}}
}

@mastersthesis{biblio:TomekMSc,
  author 	= "T.Wlostowski",
  title 	= "Precise time and frequency transfer in a {White} {Rabbit} network",
  month		= "may",
  year 		= "2011",
  school 	= "Warsaw University of Technology",
  howpublished	= {\url{http://www.ohwr.org/documents/80}}
}

@Inproceedings{biblio:Takahide,
  author 	= "Takahide Murakami and Yukio Horiuchi",
  title 	= "{A Master Redundancy Technique in IEEE 1588 Synchronization with a Link Congestion
		   Estimation}",
  booktitle     = "Proceedings of ISPCS",
  year 		= "2010",
}

@electronic{biblio:whiteRabbit,
  title 	= "{White Rabbit}",
  howpublished	= {\url{http://www.ohwr.org/projects/white-rabbit}}
}

@article{biblio:ohl,
  author        = "M.Giampietro",
  title         = "Hardware joins the open movement",
  journal       = "CERN Courier",
  address 	= "CERN, Geneva",
  year          = "2011",
  howpublished	= {\url{http://cerncourier.com/cws/article/cern/46054}},
}
@article{biblio:RSTPperf,
  authors       = "Pallos, R., Farkas, J., Moldovn, I. and Lukovszki, C.",
  title         = "Performance of Rapid Spanning Tree Protocol in Access and Metro Networks",
  journal       = "2nd International ICST Conference on Access Networks",
  year          = "2007",
}

@article{biblio:r-s,
  author        = "I.S.Reed, G.Solomon",
  title         = "{Polynomial Codes Over Certain Finite Fields}",
  journal       = "SIAM Journal of Applied Math",
  address 	= "USA",
  year          = "1960",
}

@book{biblio:mtbf,
  author        = "K.Dooley",
  title         = "Designing Large-Scale LANs",
  publisher     = "O'Reilly",
  year          = "2002",
}

@book{biblio:coding,
  author        = "S.Lin, D.J.Castello",
  title         = "Error Control Coding",
  publisher     = "Pearson Prentice Hall",
  year          = "2004",
}

@book{biblio:INF_TECH,
  author        = "D.J.C. MacKay",
  title         = "Information Theory, Inference, and Learning Algorithms",
  publisher     = "Cambridge University Press",
  year          = "2005",
}

@misc{biblio:faultTree,
  title         = "Reliability Workbench, Fault Tree",
  publisher     = "Isograph",
  howpublished	= {\url{www.isograph.com}},
}