@article{cngs,
	author = {J.Serrano P.Alvarez J.Lewis D.Autiero},
	title = {Inter-Laboratory Synchronization For The CNGS Project},
	journal = {10th European Particle Accelerator Conference, Edinburgh, UK, 26 - 30 Jun 2006, pp.3092}
}

@manual{bipm_errors,
	title = {Evaluation of measurement data - Guide to the expression of uncertainty in measurement (JCGM 100:2008)},
	organization = {Working Group 1 of the Joint Committee for Guides in Metrology(JCGM/WG 1)},
	month = {September},
	year = {2008}
}
