


@standard{biblio:IEEE1588,
  title		= "IEEE Standard for a Precision
		   Clock Synchronization Protocol for Networked Measurement and Control Systems",
  organization	= "IEEE",
  address	= "New York",
  number	= "1588-2008",
  year		= "2008",
}

@standard{biblio:IEEE8023,
  title		=  "IEEE Standard for
		   Information Technology--Telecommunications and Information Exchange Between
		   Systems--Local and Metropolitan Area Networks--Specific Requirements Part 3:
		   Carrier Sense Multiple Access With  Collision Detection (CSMA/CD) Access Method
		   and Physical Layer Specifications - Section Three",
  year		= "2008",
  organization	= "IEEE",
  address	= "New York",
  number	= "802.3-2008",
}

@standard{biblio:SynchE,
  title		= "Timing characteristics of a synchronous Ethernet equipment slave clock {(EEC)}",
  year		= "2007",
  number	= "G.8262",
  organization	= "ITU-T",
}

@inproceedings{biblio:GMT,
  author        = "J.Serrano and P.Alvarez and D.Dominguez, J.Lewis",
  title         = "Nanosecond Level {UTC} Timng Generation and Stamping in {CERN}'s {LHC}",
  booktitle     = "Proceedings of ICALEPSC2003",
  address       = "Gyeongju, Korea",
  year          = "2003",
}

@techreport{biblio:FAIRtimingSystem,
  author        = "T. Fleck and C. Prados and S. Rauch and M. Kreider",
  title         = "{FAIR} Timing System",
  institution   = "GSI",
  address       = "Darmstadt, Germany",
  year          = "2009",
  note          = "v1.2",
}

@inproceedings{biblio:distOscilloscope,
  author        = "S. Deghaye and D. Jacquet and I. Kozsar and J. Serrano",
  title         = "{OASIS}: A NEW SYSTEM TO ACQUIRE AND DISPLAY THE ANALOG SIGNALS FOR {LHC}",
  booktitle     = "Proceedings of ICALEPCS2003",
  address 	= "Gyeongju, Korea",
  year          = "2003",
}

@Inproceedings{biblio:WRproject,
  author        = "J. Serrano and P. Alvarez and M. Cattin and E. G. Cota and J. H. Lewis, P.
		   Moreira and T. W\l{}ostowski and others",
  title         = "{The White Rabbit Project}",
  booktitle     = "Proceedings of ICALEPCS TUC004",
  address 	= "Kobe, Japan",
  year          = "2009",
}

@Misc{biblio:WRPTP,
  author 	= "E.G. Cota and M. Lipi\'{n}ski and T. W\l{}ostowski and E.V.D. Bij and J. Serrano",
  title 	= "{White Rabbit Specification: Draft for Comments}",
  note          = "v2.0",
  month		= "july",
  year 		= "2011",
  howpublished	= {\url{http://www.ohwr.org/documents/21}}
}

@mastersthesis{biblio:TomekMSc,
  author 	= "T. W\l{}ostowski",
  title 	= "Precise time and frequency transfer in a {White} {Rabbit} network",
  month		= "may",
  year 		= "2011",
  school 	= "Warsaw University of Technology",
  howpublished	= {\url{http://www.ohwr.org/documents/80}}
}

@Inproceedings{biblio:Takahide,
  author 	= "Takahide Murakami and Yukio Horiuchi",
  title 	= "{A Master Redundancy Technique in IEEE 1588 Synchronization with a Link Congestion
		   Estimation}",
  booktitle     = "Proceedings of ISPCS",
  year 		= "2010",
}

@electronic{biblio:whiteRabbit,
  title 	= "{White Rabbit}",
  howpublished	= {\url{http://www.ohwr.org/projects/white-rabbit}}
}

@article{biblio:ohl,
  author        = "M. Giampietro",
  title         = "Hardware joins the open movement",
  journal       = "CERN Courier",
  address 	= "CERN, Geneva",
  year          = "2011",
  howpublished	= {\url{http://cerncourier.com/cws/article/cern/46054}},
}